[
  {
    "title": "Kookie Cat bio sütemény vaníiliával és színes drazséval 50g",
    "category": "Édesség, snack",
    "subcategory": "Csomagolt sütemény",
    "subsubcategory": "",
    "description": "",
    "ingredients": "",
    "filename": "599199.jpeg",
    "price": 799,
    "priceperunit": 15980,
    "unit": "kg",
    "onSale": false,
    "discount": 799,
    "active": true,
    "quantity": 100,
    "id": "7372a074-93fe-45ec-9fe6-18e1958f53ed",
    "articleNumber": "599199"
  },
  {
    "title": "Yuki&Love japán stílusú mochi vörösbabbal 128g",
    "category": "Édesség, snack",
    "subcategory": "Csomagolt sütemény",
    "subsubcategory": "",
    "description": "A puha mochi egy zselés rizstorta, ami vörösbab ízü tölteléket tartalmaz, a teteje pedig porcukorral van megszórva.",
    "ingredients": "malátacukor, vörösbab paszta (26,6%) (vörösbab 41%, cukor, malátacukor, szójababolaj, maltodextrin, aromák), ragacsos rizsliszt (10,8%), cukor, módosított tápióka keményítő, pálmaolaj, fruktóz, burgonyapor, tartósítószer: E202, emulgálószer: E471, sűrítőanyag: E415, aromák. Nyomokban glutént, földimogyorót, dióféléket és szezámmagot tartalmazhat. ",
    "filename": "000389.jpeg",
    "price": 1899,
    "priceperunit": 14608,
    "unit": "kg",
    "onSale": false,
    "discount": 1899,
    "active": true,
    "quantity": 100,
    "id": "e46a2de9-4244-4259-bf17-bdeb9bfa7bd7",
    "articleNumber": "000389"
  },
  {
    "title": "Bonne Maman Citromos Madeleine (7db) 175g",
    "category": "Édesség, snack",
    "subcategory": "Csomagolt sütemény",
    "subsubcategory": "",
    "description": "A Madeleine egy kis méretű, kagylóformájú piskóta. Franciaországban nemzeti kedvenc ez a házias ízű sütemény, hiszen mindenkinek a konyhában sürgő-forgó nagymamáját juttatja eszébe. Gyakran tálalják reggelire egy kis cafe au lait-vel.",
    "ingredients": "búzaliszt, vaj 26%, friss tojás 24%, cukor, citromlé 3%, invertcukor szirup, térfogatnövelők (E450, E500 búzából), citromlé sűrítmény, só, zselésítő (pektin), természetes citrom és vanília aroma (alkoholt tartalmaz), emulgeáló (szójalecitin). Nyomokban csonthéjasokat tartalmazhat.",
    "filename": "581297.jpeg",
    "price": 1399,
    "priceperunit": 7772,
    "unit": "kg",
    "onSale": false,
    "discount": 1399,
    "active": true,
    "quantity": 100,
    "id": "11ec5e12-1022-4182-b00b-939f0fbf0d75",
    "articleNumber": "581297"
  },
  {
    "title": "Peters Pecaré Chilli & Cseresznye 63g",
    "category": "Édesség, snack",
    "subcategory": "Desszert",
    "subsubcategory": "",
    "description": "Kirsch cseresznyelikőrrel, cseresznyével és chili paprikával ízesített ganache. A chili csípőssége nagyszerűen passzol a gyümölcsös ízvilághoz.",
    "ingredients": "kakaómassza, cukor, kakaóvaj, tejszín, nedvesítőszer: szorbitol szirup, glükóz szirup, teljes tejpor, alkohol: cseresznyepárlat 1%, semleges alkohol; gyümölcslé sűrítmény: cseresznye 0,8%, cékla, invert cukorszirup, emulgeálószer: szójalecitin; savszabályzó: citromsav; természetes vanília aroma, chili olaj 0,002%, dekoráció: színezék: titán-dioxid. Kakaó szárazanyag tartalom a tejcsokoládéban min. 35%, az étcsokoládéban min. 60%.",
    "filename": "589290.jpeg",
    "price": 2499,
    "priceperunit": 41650,
    "unit": "kg",
    "onSale": false,
    "discount": 2499,
    "active": true,
    "quantity": 100,
    "id": "d8c6e4af-5036-4cb1-994c-6e1a81bdbaec",
    "articleNumber": "589290"
  },
  {
    "title": "Roobar bio brownie golyók csokoládé darabokkal és kókusszal 40g",
    "category": "Édesség, snack",
    "subcategory": "Desszert",
    "subsubcategory": "",
    "description": "Izgalmas bio golyócskák csokidarabkákkal, kókusz chipsszel, nyers datolyával, kesudióval, egy kis Bourbon vaníliával megbolondítva.",
    "ingredients": "Datolya*, kókusz chips* (19%), kesudió*, csokoládé darabok*(kakaómassza*, kókuszcukor*, kakaóvaj*)(8%), kókuszliszt*, datolyaszirup*, Bourbon Vanília*. * = nyers, bio gazdálkodásból származik. Az összetevők EU-s/nem EU-s országokból származhatnak.",
    "filename": "583843.jpeg",
    "price": 549,
    "priceperunit": 13725,
    "unit": "kg",
    "onSale": false,
    "discount": 549,
    "active": true,
    "quantity": 100,
    "id": "f66dd7f5-49e8-425d-b371-b2621afbf96c",
    "articleNumber": "583843"
  },
  {
    "title": "Venchi Valentin napi csokoládéválogatás 40g",
    "category": "Édesség, snack",
    "subcategory": "Desszert",
    "subsubcategory": "",
    "description": "",
    "ingredients": "cukor, kakaóvaj, kakaó massza, teljes tejpor, kakaópor, vízmentes tejzsír, emulgeálószer: szójalecitin, természetes vanília aroma. Gluténmentes",
    "filename": "002666.jpeg",
    "price": 3899,
    "priceperunit": 97475,
    "unit": "kg",
    "onSale": false,
    "discount": 3899,
    "active": true,
    "quantity": 100,
    "id": "d593644f-d6bf-4ca6-93f2-98831bb5337d",
    "articleNumber": "002666"
  },
  {
    "title": "Tartuflanghe Pesto-s chips 45g",
    "category": "Édesség, snack",
    "subcategory": "Chips",
    "subsubcategory": "",
    "description": "Kiváló minőségű burgonya chips, pesto porral fűszerezve.",
    "ingredients": "burgonya, napraforgómag olaj, olivaolaj, fagyasztva szárított genovai pesto (genovai bazsalikom 49%, Parmigiano Reggiano sajt, fenyőmag 9%, Fiore Sardo sajt, fokhagyma Vessalico-ból) 2,3% (5,4% friss pestoval egyenértékű), burgonya maltodextrin, só, spenót por, természetes aroma.",
    "filename": "592687.jpeg",
    "price": 1299,
    "priceperunit": 25980,
    "unit": "kg",
    "onSale": false,
    "discount": 1299,
    "active": true,
    "quantity": 100,
    "id": "d728bf7e-8637-48a9-9f6d-921bf9bd5efd",
    "articleNumber": "592687"
  },
  {
    "title": "Grain Pop Natúr pattogatni való kukorica 210g",
    "category": "Édesség, snack",
    "subcategory": "Chips",
    "subsubcategory": "",
    "description": "Fenntartható gazdálkodásban termesztett kukoricából készült, glutén- és adalékmentes pattogatni való kukorica. ",
    "ingredients": "pattogatni való kukorica mag",
    "filename": "001991.jpeg",
    "price": 1499,
    "priceperunit": 7138,
    "unit": "kg",
    "onSale": false,
    "discount": 1499,
    "active": true,
    "quantity": 100,
    "id": "b41ef4f7-04c1-4d6d-a3e9-0d2ef06a9708",
    "articleNumber": "001991"
  },
  {
    "title": "Kettle Burgonyachips tengeri sóval és rozmaring ízesítéssel 150g",
    "category": "Édesség, snack",
    "subcategory": "Chips",
    "subsubcategory": "",
    "description": "Az angol kertek rozmaringjainak illatát idézi ez a finom, tengeri sós burgonyachips.",
    "ingredients": "burgonya, napraforgó olaj, burgonya maltodextrin, szárított élesztő, tengeri só, szárított rozmaring, szárított petrezselyem, szárított élesztő kivonat, rozmaring kivonat, olívaolaj.",
    "filename": "584950.jpeg",
    "price": 1199,
    "priceperunit": 7993,
    "unit": "kg",
    "onSale": false,
    "discount": 1199,
    "active": true,
    "quantity": 100,
    "id": "d9567277-888b-406c-8787-69a80e071d2c",
    "articleNumber": "584950"
  },
  {
    "title": "Delirium Tremens 0,33l",
    "category": "Alkoholos ital",
    "subcategory": "Sör",
    "subsubcategory": "",
    "description": "Az üveg címkéjén táncoló rózsaszín elefántok jelzik, hogy ennek a magas alkoholtartalmú sörnek a mértéktelen fogyasztása után látomásaink lehetnek. Színe gyönyörű óarany, lágy, fűszeresen malátás ízű.",
    "ingredients": "",
    "filename": "601013.jpeg",
    "price": 1359,
    "priceperunit": 4119,
    "unit": "l",
    "onSale": false,
    "discount": 1359,
    "active": true,
    "quantity": 0,
    "id": "5ff8f280-072e-43b7-b184-50d851aecc78",
    "articleNumber": "601013"
  },
  {
    "title": "Ugar Brewery Nomád 0,33l",
    "category": "Alkoholos ital",
    "subcategory": "Sör",
    "subsubcategory": "",
    "description": "A Nomád egy búza, ami mégsem búza. Akartunk ugyanis egy búzasört, de nem egy klasszikus német stílusút, hanem valami olyat, ami még nem nagyon volt/van a hazai piacon. Ez lett a Nomád.",
    "ingredients": "",
    "filename": "604369.jpeg",
    "price": 809,
    "priceperunit": 2452,
    "unit": "l",
    "onSale": true,
    "discount": 809,
    "active": true,
    "quantity": 100,
    "id": "fe4847ba-78bb-4981-9a08-79105d4a1068",
    "articleNumber": "604369"
  },
  {
    "title": "Hara Punk Son Of A Bitch Imperial IPA 0,33l",
    "category": "Alkoholos ital",
    "subcategory": "Sör",
    "subsubcategory": "",
    "description": "A Hara'Punk Brewing legkomlósabb söre! A temérdek mennyiségű nemes komló (Simcoe, Chinook és Warrior) és a magas alkoholtartalom ellenére a Son of a Bitch egy könnyen fogyasztható Imperial IPA.",
    "ingredients": "",
    "filename": "603975.jpeg",
    "price": 1090,
    "priceperunit": 3303,
    "unit": "l",
    "onSale": false,
    "discount": 1090,
    "active": true,
    "quantity": 100,
    "id": "e55e4d2a-70b9-4b35-a847-c425041c1853",
    "articleNumber": "603975"
  },
  {
    "title": "Antinori Pian Delle Vigne Brunello di Montalcino 2017 0,75l",
    "category": "Alkoholos ital",
    "subcategory": "Bor",
    "subsubcategory": "Vörösbor",
    "description": "",
    "ingredients": "",
    "filename": "606562.jpeg",
    "price": 22190,
    "priceperunit": 29587,
    "unit": "l",
    "onSale": false,
    "discount": 22190,
    "active": true,
    "quantity": 100,
    "id": "554f4771-7cba-4650-b781-a554c86caec7",
    "articleNumber": "606562"
  },
  {
    "title": "Figula Cabernet Franc 2017 0,75l",
    "category": "Alkoholos ital",
    "subcategory": "Bor",
    "subsubcategory": "Vörösbor",
    "description": "Egy kiemelkedő évjárat igencsak jól sikerült és egyedi vörösbora!",
    "ingredients": "",
    "filename": "605347.jpeg",
    "price": 6890,
    "priceperunit": 9187,
    "unit": "l",
    "onSale": false,
    "discount": 6890,
    "active": true,
    "quantity": 100,
    "id": "bbdff8ef-c203-4747-9efd-d605b60daa7c",
    "articleNumber": "605347"
  },
  {
    "title": "Gazela Vinho Verde 0,75l",
    "category": "Alkoholos ital",
    "subcategory": "Bor",
    "subsubcategory": "Fehérbor",
    "description": "Könnyed, fantasztikusan gyümölcsös, citrusos és virágos zamatú portugál bor.",
    "ingredients": "",
    "filename": "602163.jpeg",
    "price": 2190,
    "priceperunit": 2920,
    "unit": "l",
    "onSale": false,
    "discount": 2190,
    "active": true,
    "quantity": 100,
    "id": "dbff95c8-921a-4afc-b008-d41f6c58a0da",
    "articleNumber": "602163"
  },
  {
    "title": "Terlan Sauvignon Blanc Quarz 2015 1,5l",
    "category": "Alkoholos ital",
    "subcategory": "Bor",
    "subsubcategory": "Fehérbor",
    "description": "",
    "ingredients": "",
    "filename": "606077.jpeg",
    "price": 48390,
    "priceperunit": 32260,
    "unit": "l",
    "onSale": false,
    "discount": 48390,
    "active": true,
    "quantity": 100,
    "id": "0f719ee7-326d-44d6-b70c-c848f775720b",
    "articleNumber": "606077"
  },
  {
    "title": "Canaima Gin 0,7l",
    "category": "Alkoholos ital",
    "subcategory": "Rövidital",
    "subsubcategory": "Gin",
    "description": "Az egyedi gin megalkotásának kihívását vállalva a mesterlepárlójuk több száz növényt és gyümölcsöt vizsgált meg, ezernyi ízzel és aromával. Valami különleges elérésére törekvő kutatás egy misztikus helyszínhez vezetett: Amazóniához. A helyi közösségekkel együttműködve és tudásuk felhasználásával a fűszernövényeket és a gyümölcsöket gondosan válogatták össze az esőerdőben, elkerülve a szennyeződéseket, és biztosítva a legjobb minőséget.",
    "ingredients": "",
    "filename": "604637.jpeg",
    "price": 14390,
    "priceperunit": 19187,
    "unit": "l",
    "onSale": true,
    "discount": 14390,
    "active": true,
    "quantity": 100,
    "id": "58a912bb-ca3e-42fa-9a16-dd81e2d5f43c",
    "articleNumber": "604637"
  },
  {
    "title": "Monkey 47 Schwarzwald Dry Gin 0,5l",
    "category": "Alkoholos ital",
    "subcategory": "Rövidital",
    "subsubcategory": "Gin",
    "description": "Kizárólag kézzel, hagyományos lepárlási módszerekkel és 100%-ban friss növényi összetevőkből készül és a Fekete-erdő lágy vizével párosul. A neve mindent elmond: pontosan 47 különböző növényi összetevő talált utat a 'Monkey 47' receptjéhez. Egy olyan recept, amely természetesen gondosan őrzött titok, és csak Alexander Stein és lepárlója, Christoph Keller ismeri.",
    "ingredients": "",
    "filename": "602479.jpeg",
    "price": 20990,
    "priceperunit": 41980,
    "unit": "l",
    "onSale": false,
    "discount": 20990,
    "active": true,
    "quantity": 100,
    "id": "aa885c91-8e34-410f-b631-cbb0d05d845a",
    "articleNumber": "602479"
  },
  {
    "title": "Green Spot 0,7l",
    "category": "Alkoholos ital",
    "subcategory": "Rövidital",
    "subsubcategory": "Whisky",
    "description": "A tétel 7 és 10 éves whiskey-ek keverékéből áll össze, amelyek mind rézüstben lettek háromszor lepárolva. Új és használt bourbon hordóban érlelődött, valamint sherry hordóban is.",
    "ingredients": "",
    "filename": "605224.jpeg",
    "price": 22290,
    "priceperunit": 31843,
    "unit": "l",
    "onSale": false,
    "discount": 22290,
    "active": true,
    "quantity": 100,
    "id": "d448c562-74a8-4a3e-975a-2554cdb40613",
    "articleNumber": "605224"
  },
  {
    "title": "Maker's Mark Bourbon Whisky 0,7l",
    "category": "Alkoholos ital",
    "subcategory": "Rövidital",
    "subsubcategory": "Whisky",
    "description": "A soha nem keserű vagy csípős, a Maker's Mark lágy vörös őszi búzából készül, a szokásos rozs helyett, egy egyedülálló, telt ízű, könnyen iható bourbon ízért. A konzisztencia érdekében minden hordót kézzel forgatnak, és ízlés szerint érlelik ezt a bourbont, nem időre. A Maker's minden egyes üvegét még mindig kézzel mártják a jellegzetes vörös viaszba a Loretto-i lepárlóban.",
    "ingredients": "",
    "filename": "994832.jpeg",
    "price": 13890,
    "priceperunit": 19843,
    "unit": "l",
    "onSale": false,
    "discount": 13890,
    "active": true,
    "quantity": 100,
    "id": "e528e2b4-b8c5-40b0-8c61-d73bb3999587",
    "articleNumber": "994832"
  },
  {
    "title": "Bestillo Szilva 0,7l",
    "category": "Alkoholos ital",
    "subcategory": "Rövidital",
    "subsubcategory": "Pálinka",
    "description": "Ez a páratlan párlat a különlegesen harmonikus ízű Besztercei szilvából készül. A friss gyümölcsre emlékeztető íze és édeskés, fűszeres aromacsokra mögött finom marcipános jegyek bújnak meg.",
    "ingredients": "",
    "filename": "602732.jpeg",
    "price": 14590,
    "priceperunit": 20843,
    "unit": "l",
    "onSale": false,
    "discount": 14590,
    "active": true,
    "quantity": 100,
    "id": "65612b8f-5eb5-4e58-9277-8e0b17889c3e",
    "articleNumber": "602732"
  },
  {
    "title": "Agárdi Barrique Szilva 0,35l",
    "category": "Alkoholos ital",
    "subcategory": "Rövidital",
    "subsubcategory": "Pálinka",
    "description": "Telt aromájú prémium szilvapálinka, aranysárga színét a barrique hordós érlelésnek köszönheti. ",
    "ingredients": "",
    "filename": "979031.jpeg",
    "price": 9490,
    "priceperunit": 27114,
    "unit": "l",
    "onSale": false,
    "discount": 9490,
    "active": true,
    "quantity": 100,
    "id": "7f0e478f-46e6-49af-9b89-3da1cc583f34",
    "articleNumber": "979031"
  },
  {
    "title": "Teapigs Fűszeres körte tea 10 filter 25g",
    "category": "Alapvető élelmiszer",
    "subcategory": "Kávé, tea, kakaó",
    "subsubcategory": "Filteres tea",
    "description": "Édes, telt aromájú körte és illatos fűszerek - mi kell még az ünnepi, melengető hangulathozé",
    "ingredients": "",
    "filename": "585584.jpeg",
    "price": 2399,
    "priceperunit": 79967,
    "unit": "kg",
    "onSale": false,
    "discount": 2399,
    "active": true,
    "quantity": 100,
    "id": "3344b9b0-f25c-4fa1-ab37-729513af9c67",
    "articleNumber": "585584"
  },
  {
    "title": "Kusmi Bio Detox szálas maté- és zöldtea citromfű ízesítéssel 20 filter 40g",
    "category": "Alapvető élelmiszer",
    "subcategory": "Kávé, tea, kakaó",
    "subsubcategory": "Filteres tea",
    "description": "Bio teakeverék zöld teával, maté teával és citromfűvel.",
    "ingredients": "Maté tea*, zöld tea*, citromfű*, csipkebogyó*, citrom aroma. *=bio A termék összetevői nem EU-s gazdálkodásból származnak.",
    "filename": "583650.jpeg",
    "price": 5499,
    "priceperunit": 137475,
    "unit": "kg",
    "onSale": false,
    "discount": 5499,
    "active": true,
    "quantity": 100,
    "id": "05d78fb1-0980-4bbe-b468-a3e872462fc9",
    "articleNumber": "583650"
  },
  {
    "title": "Budapest Kávé Brazil Santos Fine Cup szemes kávé 250g",
    "category": "Alapvető élelmiszer",
    "subcategory": "Kávé, tea, kakaó",
    "subsubcategory": "Szemes kávé",
    "description": "Lágy, kellemesen aromás, kissé édeskés, közepes testű, 100% arabica kávé.",
    "ingredients": "pörkölt szemes kávé",
    "filename": "583818.jpeg",
    "price": 3699,
    "priceperunit": 18495,
    "unit": "kg",
    "onSale": false,
    "discount": 3699,
    "active": true,
    "quantity": 100,
    "id": "71f2ef1d-27fe-4341-b025-3fe098af32ae",
    "articleNumber": "583818"
  },
  {
    "title": "Arch and Beans Nicaragua Sun-dried szemes kávé 250g",
    "category": "Alapvető élelmiszer",
    "subcategory": "Kávé, tea, kakaó",
    "subsubcategory": "Szemes kávé",
    "description": "Komplex, tiszta ízvilágú kávé élénk gyümölcsösséggel, vibráló savakkal. Ízjegyek/aroma: cseresznye, bogyós gyümölcsök, csipkebogyó. A világos pörkölésű kávénk filter profillal kifejezetten kézi/gépi filterkávékhoz ajánljuk.",
    "ingredients": "pörkölt, szemes kávé",
    "filename": "000931.jpeg",
    "price": 5999,
    "priceperunit": 23996,
    "unit": "kg",
    "onSale": false,
    "discount": 5999,
    "active": true,
    "quantity": 100,
    "id": "5908c9dd-65c5-4f9e-9a23-8618a331a8bf",
    "articleNumber": "000931"
  },
  {
    "title": "Venchi kakaó fémdobozban ",
    "category": "Alapvető élelmiszer",
    "subcategory": "Kávé, tea, kakaó",
    "subsubcategory": "Kakaó, forró csoki, turmix",
    "description": "Gyönyörű fémdobozos, jól bevált régi recept szerint készült kakaó.",
    "ingredients": "kakaópor",
    "filename": "994871.jpeg",
    "price": 8599,
    "priceperunit": 34396,
    "unit": "kg",
    "onSale": false,
    "discount": 8599,
    "active": true,
    "quantity": 100,
    "id": "bdb9ed18-fce7-464b-90e1-dcf498438e09",
    "articleNumber": "994871"
  },
  {
    "title": "Nesquik csokoládé ízű italpor tejhez 300g",
    "category": "Alapvető élelmiszer",
    "subcategory": "Kávé, tea, kakaó",
    "subsubcategory": "Kakaó, forró csoki, turmix",
    "description": "Csokoládé ízesítésű italpor hozzáadott C- és D-vitaminnal, tejes turmixhoz.",
    "ingredients": "Cukor, zsírszegény kakaópor (23%), emulgeálószer: szójalecitin, só, vitaminok (C,D), természetes aroma, fahéj. ",
    "filename": "000514.jpeg",
    "price": 2699,
    "priceperunit": 0,
    "unit": "",
    "onSale": false,
    "discount": 2699,
    "active": true,
    "quantity": 100,
    "id": "ea64a991-7451-4424-87eb-726448510c20",
    "articleNumber": "000514"
  },
  {
    "title": "Edouard Artzner Muskotályos kacsamáj 2*40gr",
    "category": "Alapvető élelmiszer",
    "subcategory": "Konzerv",
    "subsubcategory": "Pástétom",
    "description": "Ízletes kacsamáj muskotályos borral ízesítve.",
    "ingredients": "Kacsamáj, víz, muskotályos bor 2%, só, cukor, fűszerek, Na nitrit, L aszkorbát",
    "filename": "991856.jpeg",
    "price": 5999,
    "priceperunit": 74987,
    "unit": "kg",
    "onSale": true,
    "discount": 5999,
    "active": true,
    "quantity": 100,
    "id": "35bfe231-a58e-410b-a90e-f83ed02db09a",
    "articleNumber": "991856"
  },
  {
    "title": "eat 17 Vegan Facon Jam Hagymás chutney 105g",
    "category": "Alapvető élelmiszer",
    "subcategory": "Konzerv",
    "subsubcategory": "Pástétom",
    "description": "Lekvár, krém vagy mártás? Kit érdekel a neve, ha ennyire finom! Nem csak vegánoknak!",
    "ingredients": "Hagyma 87%, cukor 17%, almalé 14%, sötét muscovado cukor 9%, szójaszósz (búza, szója) 8%, füstölt víz 8%, olívaolaj 6%, vörösbor ecet (szulfitok) 6%, balzsamecet (szulfitok) 5%, citromlé 2%, paprika 1%, só 0,9%, fokhagyma 0,8%, worcester szósz 0,3%, fekete bors 0,2%, római kömény 0,1%, hagymapor 0,1%, fokhagymapor 0,1%, kakukkfű 0,08%, cayenne paprika 0,05%.",
    "filename": "584457.jpeg",
    "price": 2999,
    "priceperunit": 27264,
    "unit": "kg",
    "onSale": false,
    "discount": 2999,
    "active": true,
    "quantity": 100,
    "id": "48cf0ffa-c716-4b74-a8f5-0ab96717d5d6",
    "articleNumber": "584457"
  },
  {
    "title": "Philippine mangópüré 500g",
    "category": "Alapvető élelmiszer",
    "subcategory": "Konzerv",
    "subsubcategory": "Lekvár, gyümölcskonzerv",
    "description": "Fülöp-szigeteki mangó püré.",
    "ingredients": "Mangópüré 99,95%, citromsav",
    "filename": "980671.jpeg",
    "price": 2699,
    "priceperunit": 5398,
    "unit": "kg",
    "onSale": false,
    "discount": 2699,
    "active": true,
    "quantity": 100,
    "id": "1ba35e05-2672-4e70-b09a-2d5f15861e6f",
    "articleNumber": "980671"
  },
  {
    "title": "Saveurs Fruit Ananas Fruit Passion Bio - ananász passiógyümölcs lekvár 230g",
    "category": "Alapvető élelmiszer",
    "subcategory": "Konzerv",
    "subsubcategory": "Lekvár, gyümölcskonzerv",
    "description": "Ananász és maracuja lekvár, 60% gyümölcstartalommal, csökkentett cukortartalommal.",
    "ingredients": "ananász* 42%, nádcukor*, maracuja* 18%, víz, zselésítőanyag: pektin. (*=bio, 100% természetes összetevők). A termék összetevői EU-s és nem EU-s gazdálkodásokból származnak. Az ananász, a maracuja és a cukor fairtrade gazdálkodásból származnak.100g termék 60g gyümölcs felhasználásával készült. ",
    "filename": "000391.jpeg",
    "price": 1499,
    "priceperunit": 6517,
    "unit": "kg",
    "onSale": false,
    "discount": 1499,
    "active": true,
    "quantity": 100,
    "id": "160df8a1-c810-49fb-a94a-2d73101b49f8",
    "articleNumber": "000391"
  },
  {
    "title": "Leonardi fügés gyümölcsmustár 250g",
    "category": "Alapvető élelmiszer",
    "subcategory": "Konzerv",
    "subsubcategory": "Chutney",
    "description": "Egyszerre édes és savanykás fügés gyümölcsmustár, mely tökéletes sajtokhoz.",
    "ingredients": "füge, cukor, modenai balzsamecet (borecet, szőlőmust) 17% Szulfitot tartalmaz.",
    "filename": "995014.jpeg",
    "price": 3999,
    "priceperunit": 16995,
    "unit": "kg",
    "onSale": false,
    "discount": 3999,
    "active": true,
    "quantity": 100,
    "id": "42b2e95c-9499-412a-a899-f0b0c86a9bb7",
    "articleNumber": "995014"
  },
  {
    "title": "Colman's almaszósz 155g",
    "category": "Alapvető élelmiszer",
    "subcategory": "Konzerv",
    "subsubcategory": "Chutney",
    "description": "Tradicionális angol almaszósz, Bramley fajtájú almából.",
    "ingredients": "britt bramley alma 69%, cukor, glükóz fruktóz-szirup, víz, módosított kukoricakeményítő, étkezési sav: citromsav, tartósító: kálium-szorbát",
    "filename": "591821.jpeg",
    "price": 1499,
    "priceperunit": 9369,
    "unit": "kg",
    "onSale": false,
    "discount": 1499,
    "active": true,
    "quantity": 100,
    "id": "a0d27f2d-a592-4159-a117-b858f661cc34",
    "articleNumber": "591821"
  },
  {
    "title": "Gentile Bio teljes kiőrlésű Fusilli 250g",
    "category": "Alapvető élelmiszer",
    "subcategory": "Tészta, rizs",
    "subsubcategory": "Száraztészta",
    "description": "Bio gazdálkodásból származó, teljes kiőrlésű durumbúzából készült száraztészta.",
    "ingredients": "Durum búzadara, tintahal-tinta 1,5%, víz, glutént tartalmaz",
    "filename": "584964.jpeg",
    "price": 1599,
    "priceperunit": 6396,
    "unit": "kg",
    "onSale": false,
    "discount": 1599,
    "active": true,
    "quantity": 100,
    "id": "14dc1ee7-a2b4-4408-81e6-d174ff4d8793",
    "articleNumber": "584964"
  },
  {
    "title": "Little Pasta bio állatos 300g",
    "category": "Alapvető élelmiszer",
    "subcategory": "Tészta, rizs",
    "subsubcategory": "Száraztészta",
    "description": "Olaszországban termesztett és betakarított legjobb minőségű organikus durumbúzadarából készült tészta tápláló bio spenóttal és bio paradicsommal.",
    "ingredients": "durumbúzadara, víz, dehidratált paradicsom 3%, dehidratált spenót 1,5%. igazoltan organikus gazdálkodásból",
    "filename": "001929.jpeg",
    "price": 2199,
    "priceperunit": 7330,
    "unit": "kg",
    "onSale": false,
    "discount": 2199,
    "active": true,
    "quantity": 100,
    "id": "fd6f132c-241f-4b87-8752-63dd08d8993a",
    "articleNumber": "001929"
  },
  {
    "title": "Arroz sushi rizs zsákos 1kg",
    "category": "Alapvető élelmiszer",
    "subcategory": "Tészta, rizs",
    "subsubcategory": "Rizs",
    "description": "Kiváló minőségű spanyol termesztésű sushi rizs, textilzsákban.",
    "ingredients": "rizs",
    "filename": "586285.jpeg",
    "price": 1999,
    "priceperunit": 1999,
    "unit": "kg",
    "onSale": false,
    "discount": 1999,
    "active": true,
    "quantity": 100,
    "id": "98c998d8-8cc4-49cc-acc8-d49411ef14d7",
    "articleNumber": "586285"
  },
  {
    "title": "Tilda barna basmati rizs 500g",
    "category": "Alapvető élelmiszer",
    "subcategory": "Tészta, rizs",
    "subsubcategory": "Rizs",
    "description": "Nagyszerű íz és különleges aroma jellemzi ezt a természetes, érintetlen, klasszikus barna basmati rizst.",
    "ingredients": "barna basmati rizs",
    "filename": "600906.jpeg",
    "price": 2599,
    "priceperunit": 5198,
    "unit": "kg",
    "onSale": false,
    "discount": 2599,
    "active": true,
    "quantity": 100,
    "id": "64e1fb3c-9a85-47e2-9863-1f1675e49c36",
    "articleNumber": "600906"
  },
  {
    "title": "Cascina Belvedere Bio Rizottó Tintahallal 250g",
    "category": "Alapvető élelmiszer",
    "subcategory": "Tészta, rizs",
    "subsubcategory": "Rizses készétel",
    "description": "Teljesen temészetes, bio rizotto rizs tintahallal, tartósítószer és nátrium-glutamát mentes készítmény.",
    "ingredients": "carnaroli rizs* 92%, tintahal tinta* 2% (puhatestű), természetes tengeri só, rizsliszt*, hagyma*, zeller*, sárgarépa*, petrezselyem*, póréhagyma*, extra szűz olívaolaj*, kukoricakeményítő*, miso* (szója*, rizs*, víz, só, koji), élesztő kivonat, fűszerek*. *=Bio.",
    "filename": "591218.jpeg",
    "price": 1899,
    "priceperunit": 7596,
    "unit": "kg",
    "onSale": false,
    "discount": 1899,
    "active": true,
    "quantity": 100,
    "id": "9f0ac06e-103f-46e2-a42a-8e44b0cce033",
    "articleNumber": "591218"
  },
  {
    "title": "Cascina Belvedere Rizottó Rizs Spenóttal 250g",
    "category": "Alapvető élelmiszer",
    "subcategory": "Tészta, rizs",
    "subsubcategory": "Rizses készétel",
    "description": "Carnaroli rizottó rizs spenóttal.",
    "ingredients": "Carnaroli rizs 88%, spenót 6%, természetes tengeri só, rizsliszt, hagyma, zeller, sárgarépa, petrezselyem, extra szűz olíva olaj, kukoricakeményítő, miso (szója, rizs, víz, só, koji), élesztő kivonat, fűszerek.",
    "filename": "590697.jpeg",
    "price": 1799,
    "priceperunit": 7196,
    "unit": "kg",
    "onSale": false,
    "discount": 1799,
    "active": true,
    "quantity": 100,
    "id": "052d7c7d-8852-4d4e-afa9-2ea6fb54376b",
    "articleNumber": "590697"
  },
  {
    "title": "Grissini sajtos 80g",
    "category": "Pékáru",
    "subcategory": "Friss pékáru",
    "subsubcategory": "",
    "description": "Ropogós, de mégis omlós olasz grissini Cheddar sajttal",
    "ingredients": "fehér kenyérliszt, cheddar sajt (tehéntej, só, színezék: annatto, oltó, tejkultúra), víz, tengeri só, élesztő. Pékségünkben gluténnel, laktózzal, csonthéjasokkal és tojással is dolgozunk, így nyomokban bármelyik pékáru tartalmazhat allergéneket.",
    "filename": "000701.jpeg",
    "price": 549,
    "priceperunit": 6862,
    "unit": "kg",
    "onSale": false,
    "discount": 549,
    "active": true,
    "quantity": 100,
    "id": "8f2d3fa8-5dd2-45fb-8ec1-3a6a2af0299e",
    "articleNumber": "000701"
  },
  {
    "title": "Kalács fonott kicsi 60g",
    "category": "Pékáru",
    "subcategory": "Friss pékáru",
    "subsubcategory": "",
    "description": "Búzalisztből, nádcukorból, alpesi vajból, bio tojásból készült klasszikus fonott kalács. A kiváló alapanyagoknak köszönhetően ez a kalács omlós és puha, sós vajjal a legfinomabb.",
    "ingredients": "",
    "filename": "590601.jpeg",
    "price": 349,
    "priceperunit": 5817,
    "unit": "kg",
    "onSale": false,
    "discount": 349,
    "active": true,
    "quantity": 100,
    "id": "485bd558-1665-4704-b1ad-baf2def71426",
    "articleNumber": "590601"
  },
  {
    "title": "Almás-zabos kovászos cipó 470g",
    "category": "Pékáru",
    "subcategory": "Friss pékáru",
    "subsubcategory": "",
    "description": "Különleges, rostban gazdag finomság! Vajjal is tökéletes, de lemon curd-del és gyümölccsel mennyei ízélmény!",
    "ingredients": "Búza fehérliszt (búzaliszt, kalcium, niacin, vas, tiamin), alma, zabkása (víz, zab, tengeri só), teljes kiőrlésű búza finomliszt, víz, kovász (teljes kiőrlésű rozsliszt, víz), kristálycukor, tengeri só.",
    "filename": "583697.jpeg",
    "price": 999,
    "priceperunit": 2126,
    "unit": "kg",
    "onSale": false,
    "discount": 999,
    "active": true,
    "quantity": 100,
    "id": "e04bc8e2-9776-4939-85be-197e57e87a95",
    "articleNumber": "583697"
  },
  {
    "title": "Altonaer blini 5,5cm 16db 135g",
    "category": "Pékáru",
    "subcategory": "Csomagolt pékáru",
    "subsubcategory": "",
    "description": "Kelt tésztából készült sült korong. Ideális kaviár mellé!",
    "ingredients": "Víz, búzaliszt, napraforgóolaj, laktóz, tejfehérje, sovány tejpor, savópor, szárított egész tojás, szárított tojásfehérje, élesztő (nátrium-karbonát, dinátrium-difoszfát), só, antioxidáns (L-aszkorbinsav).",
    "filename": "596006.jpeg",
    "price": 2199,
    "priceperunit": 16915,
    "unit": "kg",
    "onSale": false,
    "discount": 2199,
    "active": true,
    "quantity": 100,
    "id": "7d1238cc-e078-423b-87c5-ee5453cb7e3c",
    "articleNumber": "596006"
  },
  {
    "title": "Nuevo Progreso Tortillas 450g",
    "category": "Pékáru",
    "subcategory": "Csomagolt pékáru",
    "subsubcategory": "",
    "description": "",
    "ingredients": "búza liszt (60%), ivó víz (28%), növényi zsír (pálma, kókus), élesztő (nátrium pirofoszfát, só), só, emulgátor, (zsírsavak mono és digliceridei, - Pirofoszfát, Nátrium karbonát, Guar gumi), nedvesítő (glicerin) tartósítók kalcium propionát, kálium szorbát, tejsav.",
    "filename": "585176.jpeg",
    "price": 1499,
    "priceperunit": 3331,
    "unit": "kg",
    "onSale": true,
    "discount": 1499,
    "active": true,
    "quantity": 100,
    "id": "cf90257b-ab2b-439c-9df7-1ce954de9201",
    "articleNumber": "585176"
  },
  {
    "title": "Free gluténmentes áfonyás mandulás sütemény 100g",
    "category": "Pékáru",
    "subcategory": "Csomagolt pékáru",
    "subsubcategory": "",
    "description": "Gluténmentes áfonyás mandulás sütemény.",
    "ingredients": "Rizsliszt, Burgonyakeményítő, Tápiókakeményítő, Só, Tojás, laktózmentes Vaj, Xantán, Cukor, Szódabikarbóna, Áfonya-Szeletelt mandula / Étcsokoládé",
    "filename": "000385.jpeg",
    "price": 1499,
    "priceperunit": 14990,
    "unit": "kg",
    "onSale": false,
    "discount": 1499,
    "active": true,
    "quantity": 100,
    "id": "2211e8fc-5e46-4820-b04b-3fb0b4dc1d5e",
    "articleNumber": "000385"
  },
  {
    "title": "Bio Bébispenót 125g",
    "category": "Zöldség, gyümölcs",
    "subcategory": "Friss zöldség",
    "subsubcategory": "",
    "description": "Zöld színű leveles növény, Popeye kedvence, Ázsiából származik. Főleg főzelékalapnak és salátának használják, de quiche vagy tészta tölteléknek is remek.",
    "ingredients": "",
    "filename": "589838.jpeg",
    "price": 1499,
    "priceperunit": 11531,
    "unit": "kg",
    "onSale": false,
    "discount": 1499,
    "active": true,
    "quantity": 100,
    "id": "851e9403-ace1-4552-9c2c-5e9952a96179",
    "articleNumber": "589838"
  },
  {
    "title": "Fekete paradicsom (1db~15dkg)",
    "category": "Zöldség, gyümölcs",
    "subcategory": "Friss zöldség",
    "subsubcategory": "",
    "description": "A kumato nagyon hasonló a hagyományos paradicsom fajtákhoz azzal a különbséggel, hogy az érési folyamat során szinte bármikor fogyasztható.",
    "ingredients": "",
    "filename": "006254.jpeg",
    "price": 675,
    "priceperunit": 4499,
    "unit": "kg",
    "onSale": false,
    "discount": 675,
    "active": true,
    "quantity": 100,
    "id": "f0002c52-b0b3-4c94-916a-705c55b3ddd7",
    "articleNumber": "006254"
  },
  {
    "title": "Bébi kukorica 125g",
    "category": "Zöldség, gyümölcs",
    "subcategory": "Friss zöldség",
    "subsubcategory": "",
    "description": "A kukorica vagy népies nevein tengeri, törökbúza, málé a perjefélék családjába tartozó, lágy szárú, egylaki, váltivarú, egynyári növény.",
    "ingredients": "",
    "filename": "006185.jpeg",
    "price": 1999,
    "priceperunit": 16658,
    "unit": "kg",
    "onSale": false,
    "discount": 1999,
    "active": true,
    "quantity": 100,
    "id": "f44458d1-8330-4f99-9b7e-daa3739feac7",
    "articleNumber": "006185"
  },
  {
    "title": "Papaya db",
    "category": "Zöldség, gyümölcs",
    "subcategory": "Friss gyümölcs",
    "subsubcategory": "",
    "description": "A papaja vagy dinnyefa a keresztesvirágúak rendjébe és a dinnyefafélék családjába tartozó faj.",
    "ingredients": "",
    "filename": "006246.jpeg",
    "price": 2599,
    "priceperunit": 2599,
    "unit": "db",
    "onSale": false,
    "discount": 2599,
    "active": true,
    "quantity": 100,
    "id": "51fc525a-4693-4a67-b2d1-e6d25afb819c",
    "articleNumber": "006246"
  },
  {
    "title": "Málna 125g",
    "category": "Zöldség, gyümölcs",
    "subcategory": "Friss gyümölcs",
    "subsubcategory": "",
    "description": "A málna, magyar népies neve a boldogasszony csipkéje és a himpér, a német Himbeere szó alapján.",
    "ingredients": "",
    "filename": "006200.jpeg",
    "price": 1999,
    "priceperunit": 16658,
    "unit": "kg",
    "onSale": false,
    "discount": 1999,
    "active": true,
    "quantity": 100,
    "id": "c05413e9-10e9-4d22-952a-72f7dd5c8b05",
    "articleNumber": "006200"
  },
  {
    "title": "Maracuja (1db~6dkg)",
    "category": "Zöldség, gyümölcs",
    "subcategory": "Friss gyümölcs",
    "subsubcategory": "",
    "description": "Éretten sötétlila színű trópusi gyümölcs, melynek belseje lágy és édes, melyet kanalazva fogyasztanak a magokkal együtt.",
    "ingredients": "",
    "filename": "006216.jpeg",
    "price": 885,
    "priceperunit": 885,
    "unit": "db",
    "onSale": false,
    "discount": 885,
    "active": true,
    "quantity": 100,
    "id": "aea92789-31d6-4ef8-bcc7-c1536a8f3769",
    "articleNumber": "006216"
  },
  {
    "title": "Majoranna doboz",
    "category": "Zöldség, gyümölcs",
    "subcategory": "Fűszernövény",
    "subsubcategory": "",
    "description": "A majoranna a burgonya, a gomba és a különböző húsok legjobb barátja, kolbász, hurka készítéséhez is elengedhetetlen.",
    "ingredients": "",
    "filename": "599890.jpeg",
    "price": 499,
    "priceperunit": 24950,
    "unit": "kg",
    "onSale": false,
    "discount": 499,
    "active": true,
    "quantity": 100,
    "id": "7448aa0a-e315-4515-b92b-e6b54d234435",
    "articleNumber": "599890"
  },
  {
    "title": "Petrezselyem",
    "category": "Zöldség, gyümölcs",
    "subcategory": "Fűszernövény",
    "subsubcategory": "",
    "description": "Alapvető fűszer, találn nincs olyan nemzeti konyha a világon, amely ne használná. Friss illatú és ízű, a vasárnapi húslevestől egészen egy arab bulgursalátáig rengeteg ételbe használható.",
    "ingredients": "",
    "filename": "006266.jpeg",
    "price": 399,
    "priceperunit": 399,
    "unit": "db",
    "onSale": false,
    "discount": 399,
    "active": true,
    "quantity": 100,
    "id": "2bb2c05f-f293-4df4-a228-eb30839f4f5b",
    "articleNumber": "006266"
  },
  {
    "title": "Koriander doboz",
    "category": "Zöldség, gyümölcs",
    "subcategory": "Fűszernövény",
    "subsubcategory": "",
    "description": "Mexikói, ázsiai és amerikai ételek fűszere, nagyon aromás, emiatt love or hate zöldfűszer.",
    "ingredients": "",
    "filename": "006165.jpeg",
    "price": 399,
    "priceperunit": 19950,
    "unit": "kg",
    "onSale": false,
    "discount": 399,
    "active": true,
    "quantity": 100,
    "id": "f1f463d7-bb8d-407e-bd12-808ceca5708b",
    "articleNumber": "006165"
  },
  {
    "title": "Bercht 3,5% bio Laktózmentes tej 1l",
    "category": "Hűtőpult",
    "subcategory": "Tejtermék",
    "subsubcategory": "Friss tej, joghurt, tejszín",
    "description": "Zsírszegény, bio laktózmentes tej, 1,5%-os zsírtartalommal. Ideális tejcukor-érzékeny emberek számára.",
    "ingredients": "tej, laktáz -enzim",
    "filename": "593078.jpeg",
    "price": 1100,
    "priceperunit": 1100,
    "unit": "l",
    "onSale": false,
    "discount": 1100,
    "active": true,
    "quantity": 100,
    "id": "65c219e3-3c7b-47d2-951e-2cc04750e3cf",
    "articleNumber": "593078"
  },
  {
    "title": "Naturland Bio félzsíros túró 250g",
    "category": "Hűtőpult",
    "subcategory": "Tejtermék",
    "subsubcategory": "Friss tej, joghurt, tejszín",
    "description": "4,4%-os zsírtartalmú bio étkezési túró.",
    "ingredients": "",
    "filename": "984088.jpeg",
    "price": 749,
    "priceperunit": 2996,
    "unit": "kg",
    "onSale": false,
    "discount": 749,
    "active": true,
    "quantity": 100,
    "id": "8dc55c37-c825-4e80-b6a1-7032a4443b69",
    "articleNumber": "984088"
  },
  {
    "title": "Arborea Sovány tej 1L",
    "category": "Hűtőpult",
    "subcategory": "Tejtermék",
    "subsubcategory": "Friss tej, joghurt, tejszín",
    "description": "Kiváló minőségű szardíniai tehéntejből készült tej csupán 0,1% zsírtartalommal.",
    "ingredients": "alacsony zsírtalmú tehéntej",
    "filename": "594203.jpeg",
    "price": 849,
    "priceperunit": 849,
    "unit": "l",
    "onSale": true,
    "discount": 849,
    "active": true,
    "quantity": 100,
    "id": "89540ede-e2f1-4a33-94eb-3851e1f7cc75",
    "articleNumber": "594203"
  },
  {
    "title": "Fattorie Garofalo Bivalytejes vaj ",
    "category": "Hűtőpult",
    "subcategory": "Tejtermék",
    "subsubcategory": "Vaj",
    "description": "Bivalytejből készült vaj.",
    "ingredients": "bivalytej. Zsírtartalom a szárazanyagban min. 82%.",
    "filename": "592610.jpeg",
    "price": 899,
    "priceperunit": 6915,
    "unit": "kg",
    "onSale": false,
    "discount": 899,
    "active": true,
    "quantity": 100,
    "id": "58881063-4746-4c73-980d-d95fa2ce3525",
    "articleNumber": "592610"
  },
  {
    "title": "Échiré enyhén sózott francia vaj ",
    "category": "Hűtőpult",
    "subcategory": "Tejtermék",
    "subsubcategory": "Vaj",
    "description": "Az egyik legkiválóbb kézműves francia vaj a Poitiers and La Rochelle vidék farmjainak tejéből.",
    "ingredients": "Pasztőrözött tehéntejből készült tejszín, tejsavbaktériumok, só (maximum 2%) . Zsírtartalom 80%. ",
    "filename": "001530.jpeg",
    "price": 2899,
    "priceperunit": 11596,
    "unit": "kg",
    "onSale": false,
    "discount": 2899,
    "active": true,
    "quantity": 100,
    "id": "a8ee88f1-f882-4625-ab6c-e2f6d94536af",
    "articleNumber": "001530"
  },
  {
    "title": "Naturale vegán vaj ízű kenhető készítmény 200 g",
    "category": "Hűtőpult",
    "subcategory": "Tejtermék",
    "subsubcategory": "Vaj",
    "description": "Laktózmentes, Gluténmentes, GMO mentes, Pálma olaj mentes. Vegán kókusz olaj alapú növényi kenhető készítmény vaj ízű 75% zsírtartalommal.",
    "ingredients": "",
    "filename": "001215.jpeg",
    "price": 1599,
    "priceperunit": 7995,
    "unit": "kg",
    "onSale": false,
    "discount": 1599,
    "active": true,
    "quantity": 100,
    "id": "e6858c29-5c20-4524-a3f4-552ecdeaf130",
    "articleNumber": "001215"
  },
  {
    "title": "Rondin natúr kecskesajt",
    "category": "Hűtőpult",
    "subcategory": "Tejtermék",
    "subsubcategory": "Kecskesajt",
    "description": "Friss és lágy natúr kecskesajt.",
    "ingredients": "",
    "filename": "002090.jpeg",
    "price": 1498,
    "priceperunit": 1498,
    "unit": "10 dkg",
    "onSale": false,
    "discount": 1498,
    "active": true,
    "quantity": 100,
    "id": "68d72dd6-1e4f-4cd0-bcf7-002bba2b114e",
    "articleNumber": "002090"
  },
  {
    "title": "Charmeur holland kecskesajt",
    "category": "Hűtőpult",
    "subcategory": "Tejtermék",
    "subsubcategory": "Kecskesajt",
    "description": "Kiváló minőségű holland kecsketejes sajt.",
    "ingredients": "",
    "filename": "002291.jpeg",
    "price": 1799,
    "priceperunit": 1799,
    "unit": "10 dkg",
    "onSale": false,
    "discount": 1799,
    "active": true,
    "quantity": 100,
    "id": "c3801b01-1c1e-45d7-87c8-11f5a7216e4e",
    "articleNumber": "002291"
  },
  {
    "title": "Kecske gouda (4 hó)",
    "category": "Hűtőpult",
    "subcategory": "Tejtermék",
    "subsubcategory": "Kecskesajt",
    "description": "Nyers kecsketejből készült fiatal gouda sajt a Lindenhoff cégtől.",
    "ingredients": "",
    "filename": "002300.jpeg",
    "price": 2023,
    "priceperunit": 2023,
    "unit": "10 dkg",
    "onSale": false,
    "discount": 2023,
    "active": true,
    "quantity": 100,
    "id": "f1cf00ac-55ba-40ac-b074-cb93154e1d00",
    "articleNumber": "002300"
  },
  {
    "title": "Falorni toszkán szalámi fehér szarvasgombával",
    "category": "Hűtőpult",
    "subcategory": "Húsáru",
    "subsubcategory": "Szalámi",
    "description": "Sertéshúsból készített, fehér szarvasgombával ízesített különlegesség.",
    "ingredients": "",
    "filename": "003023.jpeg",
    "price": 2623,
    "priceperunit": 2623,
    "unit": "10 dkg",
    "onSale": false,
    "discount": 2623,
    "active": true,
    "quantity": 100,
    "id": "5f2535c7-4fdf-4d64-85ca-9774d0244601",
    "articleNumber": "003023"
  },
  {
    "title": "Kenyeres Szürkemarha Csemege Szalámi No4 90g",
    "category": "Hűtőpult",
    "subcategory": "Húsáru",
    "subsubcategory": "Szalámi",
    "description": "100% magyar szürkemarha húsából készült csemege szalámi.",
    "ingredients": "szürkemarhahús, marhafaggyú, nitrites pácsó (étkezési só, tartósítószer: nátrium-nitrit), ízesítő keverék 3% (fűszerek, paprika 65%, dextróz, fűszerkivonat, étkezési só, antioxidáns: nátrium-aszkorbát) természetes füst széndioxid)",
    "filename": "581745.jpeg",
    "price": 2999,
    "priceperunit": 33322,
    "unit": "kg",
    "onSale": false,
    "discount": 2999,
    "active": true,
    "quantity": 100,
    "id": "5a34f309-219d-448d-96a9-078c300297cd",
    "articleNumber": "581745"
  },
  {
    "title": "Citterio nápolyi szalámi",
    "category": "Hűtőpult",
    "subcategory": "Húsáru",
    "subsubcategory": "Szalámi",
    "description": "Kimondottan a nápolyi régióra jellemző szalámifajta.",
    "ingredients": "sertéshús, só, bors, fűszerek, cukor, antioxidáns (aszkorbinsav, nátrium-aszkorbát), tartósítószerek (kálium-nitrát, nátrium-nitrit), fokhagyma. A bél nem ehető",
    "filename": "007018.jpeg",
    "price": 1949,
    "priceperunit": 12990,
    "unit": "kg",
    "onSale": false,
    "discount": 1949,
    "active": true,
    "quantity": 100,
    "id": "13bd14a9-f793-4cc2-a18c-d80239db92d3",
    "articleNumber": "007018"
  },
  {
    "title": "Citterio Bio pulykasonka 80g",
    "category": "Hűtőpult",
    "subcategory": "Húsáru",
    "subsubcategory": "Sonka",
    "description": "Sütőben sütött organikus sovány pulykamell (1% zsírtartalom). Organikus táplálékkal etetett, szabad tartású pulykából. Ideális szendvicsekbe, antipastinak.",
    "ingredients": "pulykamell*, só, cukor*, természetes aroma, antioxidáns (nátrium aszkorbát), tartósító (nátrium nitrit). *= biogazdálkodásból származó összetevők.",
    "filename": "592295.jpeg",
    "price": 2290,
    "priceperunit": 28625,
    "unit": "kg",
    "onSale": false,
    "discount": 2290,
    "active": true,
    "quantity": 100,
    "id": "6ff4d7b3-831b-4f4b-a980-61aad48c99d0",
    "articleNumber": "592295"
  },
  {
    "title": "Aljomar Iberico sonka 100g",
    "category": "Hűtőpult",
    "subcategory": "Húsáru",
    "subsubcategory": "Sonka",
    "description": "Kiváló minőségű Iberico sertéshúsból készült szeletelt sonka.",
    "ingredients": "iberico sertéshús, só, cukor, tartósítószer: E252, E250, antioxidáns E301, E331",
    "filename": "597176.jpeg",
    "price": 5199,
    "priceperunit": 51990,
    "unit": "kg",
    "onSale": false,
    "discount": 5199,
    "active": true,
    "quantity": 100,
    "id": "bc222dce-2f0c-47e1-b101-56c7bfa809c2",
    "articleNumber": "597176"
  },
  {
    "title": "Devodier Speck sonka 100g",
    "category": "Hűtőpult",
    "subcategory": "Húsáru",
    "subsubcategory": "Sonka",
    "description": "",
    "ingredients": "",
    "filename": "002567.jpeg",
    "price": 2799,
    "priceperunit": 39986,
    "unit": "kg",
    "onSale": false,
    "discount": 2799,
    "active": true,
    "quantity": 100,
    "id": "621cfd22-6ce8-423c-849a-246fcc0ad49b",
    "articleNumber": "002567"
  },
  {
    "title": "Marha Hamburger húspogácsa",
    "category": "Hűtőpult",
    "subcategory": "Húsáru",
    "subsubcategory": "Friss hús",
    "description": "Hamburger húspogácsa 100% magyartarka marha növendékhúsból.",
    "ingredients": "Marhahús, só, bors.",
    "filename": "583707.jpeg",
    "price": 899,
    "priceperunit": 5990,
    "unit": "kg",
    "onSale": false,
    "discount": 899,
    "active": true,
    "quantity": 100,
    "id": "2d95d4b7-ae80-43e8-874b-877a13e60509",
    "articleNumber": "583707"
  },
  {
    "title": "Friss lazac 180g",
    "category": "Hűtőpult",
    "subcategory": "Húsáru",
    "subsubcategory": "Friss hús",
    "description": "Kiváló minőségű norvég lazacfilé, szálkamentes.",
    "ingredients": "norvég lazacfilé",
    "filename": "593688.jpeg",
    "price": 3599,
    "priceperunit": 19994,
    "unit": "kg",
    "onSale": false,
    "discount": 3599,
    "active": true,
    "quantity": 100,
    "id": "54fcc2a5-f14d-49e2-8e59-65fe09958756",
    "articleNumber": "593688"
  },
  {
    "title": "Friss garnéla 130g",
    "category": "Hűtőpult",
    "subcategory": "Húsáru",
    "subsubcategory": "Friss hús",
    "description": "Kiváló minőségű előfőzőtt fej nélküli garnéla.",
    "ingredients": "garnéla",
    "filename": "593687.jpeg",
    "price": 3499,
    "priceperunit": 26915,
    "unit": "kg",
    "onSale": false,
    "discount": 3499,
    "active": true,
    "quantity": 100,
    "id": "4a6a41e3-f1bc-4281-a750-69b5babbf8d4",
    "articleNumber": "593687"
  },
  {
    "title": "Bonne Maman rumos-vaníliás ananász gyümölcspüré 260g",
    "category": "Hűtőpult",
    "subcategory": "Egyéb friss hűtött termékek",
    "subsubcategory": "Desszert",
    "description": "Gondosan válogatott ananászból készült püré egy leheletnyi nádcukorral.",
    "ingredients": "ananász 87%, barna nádcukor, rum, vanília kivonat, vaníliabab, acerola lé sűrítmény, zselésítő: gyümölcspektin.",
    "filename": "581785.jpeg",
    "price": 1999,
    "priceperunit": 7688,
    "unit": "kg",
    "onSale": false,
    "discount": 1999,
    "active": true,
    "quantity": 100,
    "id": "2f498aa0-a388-490a-abc9-ab97560e50d7",
    "articleNumber": "581785"
  },
  {
    "title": "Harvest Moon natúr kókusztej készítmény 275g",
    "category": "Hűtőpult",
    "subcategory": "Egyéb friss hűtött termékek",
    "subsubcategory": "Növényi alapú termék",
    "description": "A legfinomabb kókusztej vegán joghurtkultúrákkal.",
    "ingredients": "Kókusztej* 99% (kókusz*, víz), tápióka-keményítő*, vegán joghurtkultúrák (S. thermophilus, L. bulgaricus, L. acidophilus, B. lactis). *=bio összetevő. A termék összetevői EU-s/nem EU-s gazdálkodásból származnak.",
    "filename": "585212.jpeg",
    "price": 1599,
    "priceperunit": 5330,
    "unit": "kg",
    "onSale": false,
    "discount": 1599,
    "active": true,
    "quantity": 100,
    "id": "df8e18ba-8c11-4076-9076-f425db80b529",
    "articleNumber": "585212"
  },
  {
    "title": "Vegan Grill Vegli füstölt 180g",
    "category": "Hűtőpult",
    "subcategory": "Egyéb friss hűtött termékek",
    "subsubcategory": "Növényi alapú termék",
    "description": "Búzafehérje alapú húspótló készítmény - a klasszikus virsli vegán megfelelője..",
    "ingredients": "Ivóvíz, búzasikér, napraforgó olaj, búzaliszt, étkezési só, fűszerek sűrítőanyag: burgonyakeményítő, metilcellulóz, természetes bükkfa füst.",
    "filename": "584999.jpeg",
    "price": 1299,
    "priceperunit": 7217,
    "unit": "kg",
    "onSale": false,
    "discount": 1299,
    "active": true,
    "quantity": 100,
    "id": "0c0f6128-6a5d-4537-ba4f-db3845eadbef",
    "articleNumber": "584999"
  },
  {
    "title": "Violife Block Cheddar Flavour cheddar ízesítésű növényi készítmény 200g",
    "category": "Hűtőpult",
    "subcategory": "Egyéb friss hűtött termékek",
    "subsubcategory": "Növényi alapú termék",
    "description": "Cheddar ízesítésű növényi készítmény. Vegánok és laktózérzékenyek is fogyaszthatják.",
    "ingredients": "víz, kókuszolaj (21%), keményítő, módosított keményítő, tengeri só, cheddar aroma, olívakivonat, színezék: (paprikakivonat, béta-karotin), B12-vitamin. *nem GMO (genetikailag módosított) összetevő.",
    "filename": "583381.jpeg",
    "price": 1799,
    "priceperunit": 8995,
    "unit": "kg",
    "onSale": false,
    "discount": 1799,
    "active": true,
    "quantity": 100,
    "id": "ad2d9571-c30b-488b-bd3f-c8909631d681",
    "articleNumber": "583381"
  },
  {
    "title": "Fairment Bio Miso Aka Tsubu ",
    "category": "Hűtőpult",
    "subcategory": "Egyéb friss hűtött termékek",
    "subsubcategory": "Növényi alapú termék",
    "description": "A miso egy hagyományos japán szója- és rizskészítmény koji gomba kultúrával kombinálva.",
    "ingredients": "Víz, rizs* (29%), szójabab* (28%), só, erjesztőkultúra: koji gomba (Aspergillus oryzae). *=bio Az összetevők nem EU-s gazdálkodásból származnak.",
    "filename": "584402.jpeg",
    "price": 4499,
    "priceperunit": 22495,
    "unit": "kg",
    "onSale": false,
    "discount": 4499,
    "active": true,
    "quantity": 100,
    "id": "0edbbc85-08b6-4148-9443-f47fd908d6cf",
    "articleNumber": "584402"
  },
  {
    "title": "My love My life Bio kókusztej alapú jeges desszert mangóval 500ml",
    "category": "Fagyasztott élelmiszer",
    "subcategory": "Fagylalt, jégkrém",
    "subsubcategory": "",
    "description": "A zamatos mangó és az egzotikus kókusz különleges kombinációja felejthetetlen élmény! Desszertnek is tökéletes, nem csak a forró nyár napokon!",
    "ingredients": "Kókusztej* 52% (víz, kókuszvelő* 49%), mangó* 20%, glükózszirup*, cukor*, víz, stabilizátor: szentjánoskenyérmag-liszt* (* = EU-s/nem EU-s biogazdálkodásból).",
    "filename": "001096.jpeg",
    "price": 2299,
    "priceperunit": 4598,
    "unit": "l",
    "onSale": true,
    "discount": 2299,
    "active": true,
    "quantity": 100,
    "id": "2558fdca-4d5c-4b26-a705-d4a9ff9bb413",
    "articleNumber": "001096"
  },
  {
    "title": "Cloud 9 Mangó-passiógyümölcs-kókusz fagylaltdesszert családi kiszerelés 600g",
    "category": "Fagyasztott élelmiszer",
    "subcategory": "Fagylalt, jégkrém",
    "subsubcategory": "",
    "description": "Igazi egzotikus ízvilág - nem csak a nyári forró napokra!",
    "ingredients": "Mangópüré, passiógyümölcs püré, kókuszpüré, kókusztej, kókusztejszín, kókuszreszelék, víz, cukor, egész tojás, porcukor, búzaliszt, nyírfacukor, juharszirup, stabilizátor, malibu rum, tojásfehérje, mandulaliszt, tengeri só, glükóz, dextróz, trimolin, szárított passiógyümölcs, szárított mangó, kókusz chips, super neutróz, citrom, absolut cristal.",
    "filename": "001159.jpeg",
    "price": 4499,
    "priceperunit": 7498,
    "unit": "kg",
    "onSale": false,
    "discount": 4499,
    "active": true,
    "quantity": 100,
    "id": "e78de4da-9199-4f33-ad67-95709077084f",
    "articleNumber": "001159"
  },
  {
    "title": "Cipriani Gelato Cioccolato Csokoládéfagylalt 300g",
    "category": "Fagyasztott élelmiszer",
    "subcategory": "Fagylalt, jégkrém",
    "subsubcategory": "",
    "description": "Klasszikus olasz kézműves csokoládéfagylalt prémium minőségű alapanyagokból.",
    "ingredients": "Teljes tej, tejszín, cukor, kakaó (7%), glükózszirup, tojássárgája, étcsokoládé 3% (kakaómassza, cukor, alacsony zsírtartalmú kakaópor, emulgeálószer: szójalecitin, természetes vanília aroma), sűrítőanyag: szentjánoskenyérmag- liszt.",
    "filename": "585224.jpeg",
    "price": 3499,
    "priceperunit": 11663,
    "unit": "kg",
    "onSale": false,
    "discount": 3499,
    "active": true,
    "quantity": 100,
    "id": "3de46c8f-4ba4-4228-97c6-c87e4f887ffe",
    "articleNumber": "585224"
  },
  {
    "title": "Haagen-Dazs Strawberry & Cream krémes epres jégkrém 460ml",
    "category": "Fagyasztott élelmiszer",
    "subcategory": "Fagylalt, jégkrém",
    "subsubcategory": "",
    "description": "A valódi édes eper és a természetes alapanyagok utánozhatatlan íze érezhető ebben a remekműben.",
    "ingredients": "friss tejszín 36%, sűrített sovány tej, eper 21%, cukor, tojássárgája",
    "filename": "981948.jpeg",
    "price": 3199,
    "priceperunit": 6954,
    "unit": "l",
    "onSale": false,
    "discount": 3199,
    "active": true,
    "quantity": 100,
    "id": "d6955d10-9f71-466e-8c7b-a3083f4478af",
    "articleNumber": "981948"
  },
  {
    "title": "Artificer jéggömb 6,5cm 6db",
    "category": "Fagyasztott élelmiszer",
    "subcategory": "Jégkocka",
    "subsubcategory": "",
    "description": "Élvezze kedvenc itala minden pillanatát, annak felesleges felhígítása nélkül, a megfelelő hőmérsékleten.",
    "ingredients": "",
    "filename": "585037.jpeg",
    "price": 2599,
    "priceperunit": 2599,
    "unit": "csomag",
    "onSale": false,
    "discount": 2599,
    "active": true,
    "quantity": 100,
    "id": "2b1730af-6e54-45ea-9644-c592df7cb569",
    "articleNumber": "585037"
  },
  {
    "title": "Hoshizaki jégkocka 2,5kg",
    "category": "Fagyasztott élelmiszer",
    "subcategory": "Jégkocka",
    "subsubcategory": "",
    "description": "Ha az italok közül mindig a legjobbat választja, miért ne tenne így a poharába kerülő jéggel is?",
    "ingredients": "Tisztított víz.",
    "filename": "585034.jpeg",
    "price": 749,
    "priceperunit": 300,
    "unit": "kg",
    "onSale": false,
    "discount": 749,
    "active": true,
    "quantity": 100,
    "id": "5a167121-ce17-408c-99cf-a66f9f9de3c0",
    "articleNumber": "585034"
  },
  {
    "title": "Artificer jéghasáb 3,5x3,5x12cm 5db",
    "category": "Fagyasztott élelmiszer",
    "subcategory": "Jégkocka",
    "subsubcategory": "",
    "description": "Élvezze kedvenc itala minden pillanatát, annak felesleges felhígítása nélkül, a megfelelő hőmérsékleten.",
    "ingredients": "",
    "filename": "585038.jpeg",
    "price": 1499,
    "priceperunit": 1499,
    "unit": "csomag",
    "onSale": false,
    "discount": 1499,
    "active": true,
    "quantity": 100,
    "id": "b22eb68e-7fcd-42bd-b242-aad410216ac6",
    "articleNumber": "585038"
  },
  {
    "title": "HS** Wonton for Soup 250g",
    "category": "Fagyasztott élelmiszer",
    "subcategory": "Fagyasztott sütemény, tészta",
    "subsubcategory": "",
    "description": "",
    "ingredients": "",
    "filename": "599007.jpeg",
    "price": 1399,
    "priceperunit": 5596,
    "unit": "kg",
    "onSale": false,
    "discount": 1399,
    "active": true,
    "quantity": 100,
    "id": "2dea134c-94a0-47c5-b4e4-3b5c7e96148e",
    "articleNumber": "599007"
  },
  {
    "title": "Bibigo Mandu koreai tésztagombócok BBQ töltelékkel 525g",
    "category": "Fagyasztott élelmiszer",
    "subcategory": "Fagyasztott sütemény, tészta",
    "subsubcategory": "",
    "description": "Fagyasztott koreai mandu tésztagombócok BBQ fűszeres marhahússal, sertéshússal és zöldségekkel.",
    "ingredients": "marhahús és zsír 30,7%, zöldségek 23%, (káposzta, hagyma, fokhagyma, újhagyma), búzaliszt, víz, BBQ fűszeres hús [(sertéshús és zsír 71,5%, marhahús és zsír 7,8%, BBQ szósz 4,4% (tartalmaz: szóját, búzát), cukor, fokhagyma, texturált szójafehérje, újhagyma, szezámolaj, szójaszósz (víz, szójabab, búza, só), borsó rost, körtepüré, ananászpüré, só, cukorszirup, élesztő kivonat, fűszerek], cukor, szójaszósz (víz, szójabab, búza, só), szezámolaj, tápióka keményítő, tojásfehérje por (tojásfehérje, savszabályozó: citromsav), élesztőkivonat, aroma, só, texturált szójafehérje, búzaglutén, cukorszirup, repcemagolaj, fűszer",
    "filename": "582719.jpeg",
    "price": 4999,
    "priceperunit": 9613,
    "unit": "kg",
    "onSale": false,
    "discount": 4999,
    "active": true,
    "quantity": 100,
    "id": "8c2a535a-ea71-445c-a52a-62f331ad72f7",
    "articleNumber": "582719"
  },
  {
    "title": "Spring Home szezámpasztával töltött mochi 200g",
    "category": "Fagyasztott élelmiszer",
    "subcategory": "Fagyasztott sütemény, tészta",
    "subsubcategory": "",
    "description": "A finom szezámpasztát különleges mochi burok veszi körül.",
    "ingredients": "agacsos rizsliszt 39%, víz, cukor, növényi olaj (fehérített pálmaolaj), fekete szezám 9%, módosított kukoricakeményítő, búzaliszt, emulgeáló (E471)",
    "filename": "595260.jpeg",
    "price": 1499,
    "priceperunit": 7495,
    "unit": "kg",
    "onSale": false,
    "discount": 1499,
    "active": true,
    "quantity": 100,
    "id": "20122cf8-e714-4e6d-b2d4-23167781b581",
    "articleNumber": "595260"
  }
]